<record><leader>00000cas a22000007a 4500</leader><controlfield tag="001">12605034</controlfield><controlfield tag="008">850926d193319uualuwr ne      0    0eng d</controlfield><datafield ind1=" " ind2=" " tag="010"><subfield code="a">sn 85044973 </subfield></datafield><datafield ind1=" " ind2=" " tag="040"><subfield code="a">CPN</subfield><subfield code="b">eng</subfield><subfield code="c">CPN</subfield><subfield code="d">OCLCQ</subfield></datafield><datafield ind1=" " ind2=" " tag="042"><subfield code="a">msc</subfield></datafield><datafield ind1="0" ind2="0" tag="245"><subfield code="a">Muscle Shoals news.</subfield></datafield><datafield ind1=" " ind2=" " tag="260"><subfield code="a">Muscle Shoals, Ala. :</subfield><subfield code="b">Wimpee Printery, Inc.,</subfield><subfield code="c">1933-</subfield></datafield><datafield ind1=" " ind2=" " tag="300"><subfield code="a">v. :</subfield><subfield code="b">ill. ;</subfield><subfield code="c">55 cm.</subfield></datafield><datafield ind1=" " ind2=" " tag="310"><subfield code="a">Weekly</subfield></datafield><datafield ind1="0" ind2=" " tag="362"><subfield code="a">Vol. 1, no. 1 (May 25, 1933)-</subfield></datafield><datafield ind1=" " ind2=" " tag="500"><subfield code="a">Editors: M.T. Paehne, &lt;1933&gt;; Clair E. Wimpee, &lt;1933&gt;; Curtis P. Malone, &lt;1934&gt;; Lou Aaronson, &lt;1934&gt;; Henry A. Neff, &lt;1934&gt;; R.M. Wimpee, &lt;1936&gt;.</subfield></datafield><datafield ind1=" " ind2=" " tag="752"><subfield code="a">United States</subfield><subfield code="b">Alabama</subfield><subfield code="c">Colbert</subfield><subfield code="d">Muscle Shoals.</subfield></datafield><datafield ind1="1" ind2=" " tag="029"><subfield code="a">AU@</subfield><subfield code="b">000025832433</subfield></datafield></record>